<?xml version="1.0" encoding="UTF-8"?><collection xmlns="http://www.loc.gov/MARC21/slim"><record><leader>00415nam--2200133-i-4500</leader><controlfield tag="001">000041540</controlfield><controlfield tag="002">20161230</controlfield><controlfield tag="005">20161230201043</controlfield><controlfield tag="008">060222s1000------------r-----000-0-eng-d</controlfield><datafield ind1=" " ind2=" " tag="080"><subfield code="a">550.34:550.834</subfield></datafield><datafield ind1=" " ind2=" " tag="100"><subfield code="a">Sieberg,A</subfield></datafield><datafield ind1=" " ind2=" " tag="245"><subfield code="a">Erdbebenforschung und ihre verwertung fur technik, bergbau und geolotie eine erste einfuhrung zum selbstudium</subfield></datafield><datafield ind1=" " ind2=" " tag="260"><subfield code="a">Jena, Verlag Von Gustav Fischer, 1933. 144 P</subfield></datafield><datafield ind1=" " ind2=" " tag="852"><subfield code="a">47517</subfield></datafield></record></collection>